@inproceedings{Msadaa:2010:CSM:1848649.1849209,
 author = {Msadaa, Ikbal Chammakhi and Cataldi, Pasquale and Filali, Fethi},
 title = {A Comparative Study between 802.11p and Mobile WiMAX-based V2I Communication Networks},
 booktitle = {Proceedings of the 2010 Fourth International Conference on Next Generation Mobile Applications, Services and Technologies},
 series = {NGMAST '10},
 year = {2010},
 isbn = {978-0-7695-4121-1},
 pages = {186--191},
 numpages = {6},
 url = {\url{http://dx.doi.org/10.1109/NGMAST.2010.45}},
 doi = {10.1109/NGMAST.2010.45},
 acmid = {1849209},
 publisher = {IEEE Computer Society},
 address = {Washington, DC, USA},
 keywords = {ITS, IEEE 802.11p, 5.9 GHz technology, IEEE 802.16e, mobile WiMAX, V2I, simulation},
}

@INPROCEEDINGS{5678993,
author={Arbabi, H. and Weigle, M.C.},
booktitle={Simulation Conference (WSC), Proceedings of the 2010 Winter},
title={Highway mobility and vehicular ad-hoc networks in ns-3},
year={2010},
pages={2991-3003},
keywords={mobility management (mobile radio);vehicular ad hoc networks;NS-3;VANET;highway mobility;quality network simulator;vehicle mobility model;vehicular ad-hoc network;Acceleration;Computational modeling;Driver circuits;Mathematical model;Road transportation;Safety;Vehicles},
doi={10.1109/WSC.2010.5678993},
ISSN={0891-7736},}

@misc{Nsnam.org,
  author = {Nsnam.org},
  title = {NS-3},
  howpublished = {Retrieved  March, 15, 2013 from  \url{http://www.nsnam.org}},
  year = {2013},
}

@misc{LTE,
  author = {LTE},
  title = {LTE Module},
  howpublished = {Retrieved  March, 15, 2013 from  \url{http://www.nsnam.org/docs/release/3.16/models/html/lte.html}},
  year = {2013},
}

@misc{Andreev,
  author = {Kirill Andreev and Pavel Boyko},
  title = {IEEE 802.11s Mesh Networking NS-3 Model},
  howpublished = {Retrieved  March, 15, 2013 from  \url{http://www.nsnam.org/workshops/wns3-2010/dot11s.pdf}},
  year = {2013},
}

@inproceedings{Narra:2011:DDV:2151054.2151132,
 author = {Narra, Hemanth and Cheng, Yufei and \c{C}etinkaya, Egemen K. and Rohrer, Justin P. and Sterbenz, James P. G.},
 title = {Destination-sequenced distance vector (DSDV) routing protocol implementation in ns-3},
 booktitle = {Proceedings of the 4th International ICST Conference on Simulation Tools and Techniques},
 series = {SIMUTools '11},
 year = {2011},
 isbn = {978-1-936968-00-8},
 location = {Barcelona, Spain},
 pages = {439--446},
 numpages = {8},
 url = {http://dl.acm.org/citation.cfm?id=2151054.2151132},
 acmid = {2151132},
 publisher = {ICST (Institute for Computer Sciences, Social-Informatics and Telecommunications Engineering)},
 address = {ICST, Brussels, Belgium, Belgium},
 keywords = {AODV, DSDV, DSDV model implementation, MANET routing protocol, OLSR, ns-3, ns-3 simulation methodology},
} 

@misc{Ford.co.uk,
  author = {Ford.co.uk},
  title = {News from Ford. Ford's Sync Emergency Assistance could provide important support to road accident victims says AA president},
  howpublished = {Retrieved  March, 15, 2013 from \url{http://www.ford.co.uk/experience-ford/AboutFord/News/CompanyNews/2012/Fords-Sync-Emergency-Assistance}},
  year = {2012},
}

@misc{Seong-Youp,
  author = {Seong-Youp Suh, Salih Yarga, Anand S. Konanur},
  title = {Multiprotocol antenna structure and method for synthesizing a multiprotocol antenna pattern},
  howpublished = {US Patent PCT/US2010/042396.},
  year = {2010},
}

@INPROCEEDINGS{Instrumental,
     author = {Glazunov Vadim, Kurochkin Leonid,  Kurochkin Mihail and Popov Sergey},
      title = {Instrumental Environment of Multi-Protocol Cloud-Oriented Vehicular MESH Network},
  booktitle = {10th International Conference on Informatics in Control, Automation and Robotics (ICINCO)},
       year = {2013},
   location = {Reykjavic, Iceland}
}

@INPROCEEDINGS{Road,
     author = {Glazunov Vadim, Kurochkin Leonid, Kurochkin Mihail and Popov Sergey},
      title = {Road Traffic Efficiency and Safety Improvements Trends},
  booktitle = {10th International Conference on Informatics in Control, Automation and Robotics (ICINCO)},
       year = {2013},
   location = {Reykjavic, Iceland}
}

@misc{GOST,
  author = {Начиональный стандарт Российской Федерации},
  title = {Глобальная навигационная спутниковая система. Система экстренного реагирования при авариях. Автомобильная система вызова экстренных оперативных служб. Общие технические требования},
  howpublished = {Стандартинформ, Москва},
  year = {2012},
}
