@INPROCEEDINGS{6466777,
author={Ghamri-Doudane, Y. and Szczechowiak, P. and Murphy, S.},
booktitle={Global Information Infrastructure and Networking Symposium (GIIS), 2012},
title={Vehicular mesh networks for infotainment content delivery: The Carmesh perspective},
year={2012},
pages={1-6},
keywords={cloud computing;mobile radio;wireless mesh networks;Carmesh perspective;Internet access;WMN;cloud computing technology;data transfer;dedicated network mechanism;dedicated service;flexible service architecture;infotainment content delivery;infotainment service;metropolitan area;mobile vehicular mesh network;network operators;reliable telematics service;wireless mesh networks;Cloud computing;Computer architecture;Mesh networks;Quality of service;Routing;Telematics;Wireless mesh networks},
doi={10.1109/GIIS.2012.6466777},}

@INPROCEEDINGS{6008765,
author={Iwai, A. and Aoyama, M.},
booktitle={Cloud Computing (CLOUD), 2011 IEEE International Conference on},
title={Automotive Cloud Service Systems Based on Service-Oriented Architecture and Its Evaluation},
year={2011},
pages={638-645},
keywords={automotive engineering;cloud computing;electric vehicles;service-oriented architecture;social networking (online);DARWIN;automotive cloud service systems;cloud computing;electric vehicle;next-generation automotive software platform;service-oriented architecture;social networks;software architecture;Automotive engineering;Computer architecture;Decision support systems;Protocols;Simple object access protocol;Software;Vehicles;AUTOSAR;REST;SOA;Service-Oriented Architecture;automotive software;cloud computing;embedded software;telematic services},
doi={10.1109/CLOUD.2011.119},
ISSN={2159-6182},}

@INPROCEEDINGS{6215525,
author={Olariu, C. and Hava, A. and Szczechowiak, P. and Ghamri-Doudane, Y.},
booktitle={Wireless Communications and Networking Conference Workshops (WCNCW), 2012 IEEE},
title={Prototyping telematic services in a wireless vehicular mesh network environment},
year={2012},
pages={371-376},
keywords={mobility management (mobile radio);wireless mesh networks;NS-3 wireless mesh model;SUMO vehicular mobility model;emulated wireless vehicular mesh networking environment;next generation telematic services;underlying network infrastructure;Computational modeling;Computers;Emulation;Protocols;Telematics;Wireless communication;Wireless mesh networks},
doi={10.1109/WCNCW.2012.6215525},}

@INPROCEEDINGS{6133884,
author={Remy, G. and Senouci, S. -M and Jan, F. and Gourhant, Y.},
booktitle={Global Telecommunications Conference (GLOBECOM 2011), 2011 IEEE},
title={LTE4V2X: LTE for a Centralized VANET Organization},
year={2011},
pages={1-6},
keywords={Long Term Evolution;optimisation;protocols;telecommunication network management;telecommunication network topology;vehicular ad hoc networks;LTE;LTE4V2X;NS-3 simulation;VANET;centralized architecture;centralized vehicular network organization;clusters management;decentralized organization protocol;dynamic network topology;floating car data;mobile nodes;optimization;realistic urban mobility model;Organizations;Peer to peer computing;Protocols;Sensors;Topology;Vehicle dynamics;Vehicles},
doi={10.1109/GLOCOM.2011.6133884},
ISSN={1930-529X},}

@ARTICLE{5719268,
author={Benslimane, A. and Taleb, T. and Sivaraj, R.},
journal={Selected Areas in Communications, IEEE Journal on},
title={Dynamic Clustering-Based Adaptive Mobile Gateway Management in Integrated VANET; 3G Heterogeneous Wireless Networks},
year={2011},
volume={29},
number={3},
pages={559-570},
keywords={3G mobile communication;radio networks;telecommunication network management;vehicular ad hoc networks;3G heterogeneous wireless networks;IEEE 802.11p;UTRAN interfaces;adaptive mobile gateway management;dynamic clustering;high data packet delivery ratios;integrated VANET;packet overhead;service migration;3G mobile communication;Logic gates;Measurement;Mobile computing;Vehicle dynamics;Vehicles;3G;VANET;clustering and adaptive mobile gateway management;system integration},
doi={10.1109/JSAC.2011.110306},
ISSN={0733-8716},}

@INPROCEEDINGS{5678993,
author={Arbabi, H. and Weigle, M.C.},
booktitle={Simulation Conference (WSC), Proceedings of the 2010 Winter},
title={Highway mobility and vehicular ad-hoc networks in ns-3},
year={2010},
pages={2991-3003},
keywords={mobility management (mobile radio);vehicular ad hoc networks;NS-3;VANET;highway mobility;quality network simulator;vehicle mobility model;vehicular ad-hoc network;Acceleration;Computational modeling;Driver circuits;Mathematical model;Road transportation;Safety;Vehicles},
doi={10.1109/WSC.2010.5678993},
ISSN={0891-7736},}

@article{citeulike:10001487,
    author = {Treiber, Martin and Hennecke, Ansgar and Helbing, Dirk},
    citeulike-article-id = {10001487},
    citeulike-linkout-0 = {http://dx.doi.org/10.1103/physreve.62.1805},
    citeulike-linkout-1 = {http://link.aps.org/abstract/PRE/v62/i2/p1805},
    citeulike-linkout-2 = {http://link.aps.org/pdf/PRE/v62/i2/p1805},
    doi = {10.1103/physreve.62.1805},
    journal = {Physical Review E},
    month = aug,
    pages = {1805--1824},
    posted-at = {2011-11-07 18:42:08},
    priority = {2},
    publisher = {American Physical Society},
    title = {Congested traffic states in empirical observations and microscopic simulations},
    url = {http://dx.doi.org/10.1103/physreve.62.1805},
    volume = {62},
    year = {2000}
}

@misc{Nsnam.org,
  author = {Nsnam.org},
  title = {NS-3},
  howpublished = {Retrieved  March, 15, 2013 from  \url{http://www.nsnam.org}},
  year = {2013},
}

@misc{Andreev,
  author = {Kirill Andreev and Pavel Boyko},
  title = {IEEE 802.11s Mesh Networking NS-3 Model},
  howpublished = {Retrieved  March, 15, 2013 from  \url{http://www.nsnam.org/workshops/wns3-2010/dot11s.pdf}},
  year = {2013},
}

@misc{LTE,
  author = {LTE},
  title = {LTE Module},
  howpublished = {Retrieved  March, 15, 2013 from  \url{http://www.nsnam.org/docs/release/3.16/models/html/lte.html}},
  year = {2013},
}

@inproceedings{Narra:2011:DDV:2151054.2151132,
 author = {Narra, Hemanth and Cheng, Yufei and \c{C}etinkaya, Egemen K. and Rohrer, Justin P. and Sterbenz, James P. G.},
 title = {Destination-sequenced distance vector (DSDV) routing protocol implementation in ns-3},
 booktitle = {Proceedings of the 4th International ICST Conference on Simulation Tools and Techniques},
 series = {SIMUTools '11},
 year = {2011},
 isbn = {978-1-936968-00-8},
 location = {Barcelona, Spain},
 pages = {439--446},
 numpages = {8},
 url = {http://dl.acm.org/citation.cfm?id=2151054.2151132},
 acmid = {2151132},
 publisher = {ICST (Institute for Computer Sciences, Social-Informatics and Telecommunications Engineering)},
 address = {ICST, Brussels, Belgium, Belgium},
 keywords = {AODV, DSDV, DSDV model implementation, MANET routing protocol, OLSR, ns-3, ns-3 simulation methodology},
} 

@ARTICLE{ gramaglia:seamless,
AUTHOR = "Marco Gramaglia and Carlos Jesus Bernardos and Mari'a Caldero'n",
TITLE = "Seamless internet 3G and opportunistic WLAN vehicular connectivity",
JOURNAL = "EURASIP J. Wireless Comm. and Networking",
PAGES = {183-183},
YEAR = {2011},
}

@INPROCEEDINGS{6083854,
author={Zaborovsky, V. and Lukashin, A. and Kupreenko, S. and Mulukha, V.},
booktitle={Systems, Man, and Cybernetics (SMC), 2011 IEEE International Conference on},
title={Dynamic access control in cloud services},
year={2011},
pages={1400-1404},
keywords={Web services;authorisation;cloud computing;telecommunication traffic;Internet;cloud computing;cloud services;cyber crooks;distributed cloud environment;dynamic access control;hypervisor functionality;information services;network interactions;online configurability;security devices;software services;specialized firewall solution;stealth mode;traffic filtering;virtual connections management;Access control;Cloud computing;Filtering;Fires;Virtual machine monitors;Virtual machining;NetGraph;access policy;cloud computing;firewall;hypervisor XEN;security;virtualization},
doi={10.1109/ICSMC.2011.6083854},
ISSN={1062-922X},}

@INPROCEEDINGS{Zaborovsky,
AUTHOR = {Vladimir Zaborovsky and Vladimir Mulukha},
TITLE = {Access Control in a Form of Active Queuing Management in Congested Network Environment},
booktitle={Proceedings of the Tenth International Conference on Networks (ICN 2011; GlobeNet 2011)},
PAGES = {12-17},
YEAR = {2011},
}
